@manual{
    4001NIMBins,
    author={ORTEC},
    title={4001A and 4002C NIM Bins},
    date={2021-01-21},
    url={https://www.ortec-online.com/-/media/ametekortec/brochures/4/4001a-4001c.pdf}
}

@manual{
    PipsDetectors,
    author={Mirion Technologies},
    title={PIPS Detectors},
    date={2019-06-08},
    url={https://mirionprodstorage.blob.core.windows.net/prod-20220822/cms4_mirion/files/pdf/spec-sheets/c39313_passivated_pips_super_spec_1.pdf?1557861393}
}

@manual{
    Preamplifier142,
    author={ORTEC},
    title={Models 142A, 142B, and 142C Preamplifiers Operating and Service Manual},
    date={2002-12-17},
    url={https://www.ortec-online.com/-/media/ametekortec/manuals/1/142abc-mnl.pdf}
}

@manual{
    Amplifier2026,
    author={Mirion Technologies (Canberra)},
    title={2026 Spectroscopy Amplifier},
    date={2019-10-18},
    url={https://mirion.s3.amazonaws.com/cms4_mirion/files/pdf/spec-sheets/nso0024_2026_super_spec_2.pdf?1560966125}
}

@manual{
    710QuadBiasSupply,
    author={ORTEC},
    title={Model 710 Quad 1-kV Bias Supply Operating and Service Manual},
    date={2003-01-10},
    url={https://www.ortec-online.com/-/media/ametekortec/manuals/7/710-mnl.pdf?la=en&revision=d4d10328-c254-4e0d-ab9d-aa5b89d2207c}
}

@manual{
    OscilloscopeTBS1102B,
    author={Tektronix},
    title={TBS1000B and TBS1000B-EDU Series Digital Storage Oscilloscopes},
    date={2017-12-04},
    url={https://download.tek.com/manual/TBS1000B-TBS1000B-EDU-Digital-Storage-Oscilloscope-Service-Manual-077089702-Revision-A.pdf}
}

@manual{
    USC30ADC,
    author={Spectrum Techniques},
    title={UCS-30 Universal Computer Spectrometer},
    date={2013-08-14},
    url={https://www.ortec-online.com/-/media/ametekortec/brochures/4/4001a-4001c.pdf}
}

@dataset{
    ENSDF,
    author={The National Nuclear Data Center},
    title={Evaluated Nuclear Structure Data File},
    date={2022},
    url={https://www.nndc.bnl.gov/ensdf/}
}
